
@book{adorno_einfuhrung_2015,
	location = {Berlin},
	edition = {1. Aufl},
	title = {Einführung in die Dialektik: 1958},
	series = {Suhrkamp Taschenbuch Wissenschaft},
	shorttitle = {Einführung in die Dialektik},
	number = {2128},
	publisher = {Suhrkamp},
	author = {Adorno, Theodor W.},
	date = {2015},
	file = {Table of Contents PDF:/home/fux/Zotero/storage/9I6HFTXU/Adorno and Ziermann - 2015 - Einführung in die Dialektik 1958.pdf:application/pdf}
}

@book{adorno_asthetische_2010,
	location = {Frankfurt am Main},
	edition = {1. Aufl., [18. Nachdr.]},
	title = {Ästhetische Theorie},
	series = {Suhrkamp-Taschenbuch Wissenschaft},
	number = {2},
	publisher = {Suhrkamp},
	author = {Adorno, Theodor W.},
	date = {2010}
}

@book{adorno_minima_2014,
	location = {Frankfurt am Main},
	edition = {9. Auflage},
	title = {Minima Moralia: Reflexionen aus dem beschädigten Leben},
	series = {Gesammelte Schriften},
	shorttitle = {Minima Moralia},
	number = {Theodor W. Adorno. Hrsg. von Rolf Tiedemann. Unter Mitw. von Gretel Adorno ... ; Bd. 4},
	publisher = {Suhrkamp},
	author = {Adorno, Theodor W.},
	date = {2014}
}

@book{adorno,
	location = {Frankfurt am Main},
	edition = {1. Aufl},
	title = {Negative Dialektik},
	series = {Gesammelte Schriften},
	number = {Theodor W. Adorno ; 6},
	publisher = {Suhrkamp},
	author = {Adorno, Theodor W.},
	date = {2003}
}

@book{adorno_vorlesung_2007,
	location = {Frankfurt am Main},
	edition = {1. Aufl},
	title = {Vorlesung über Negative Dialektik: Fragmente zur Vorlesung 1965/66},
	series = {Suhrkamp-Taschenbuch Wissenschaft},
	shorttitle = {Vorlesung über Negative Dialektik},
	number = {1847},
	publisher = {Suhrkamp},
	author = {Adorno, Theodor W.},
	date = {2007}
}

@book{kant_kritik_2014,
	location = {Frankfurt am Main},
	edition = {21. Aufl},
	title = {Kritik der praktischen Vernunft. Grundlegung zur Metaphysik der Sitten},
	series = {Werkausgabe},
	number = {in 12 Bänden / Immanuel Kant. Hrsg. von Wilhelm Weischedel ;[...]},
	publisher = {Suhrkamp},
	author = {Kant, Immanuel},
	date = {2014},
	file = {Table of Contents PDF:/home/fux/Zotero/storage/YMCESB7B/Kant et al. - 2014 - Kritik der praktischen Vernunft. Grundlegung zur M.pdf:application/pdf}
}

@book{hegel_phanomenologie_2017,
	location = {Frankfurt am Main},
	edition = {14. Auflage},
	title = {Phänomenologie des Geistes},
	series = {Werke},
	number = {[auf der Grundlage der Werke von 1832 - 1845 neu edierte Ausgabe] / Georg Wilhelm Friedrich Hegel. [Red. Eva Moldenhauer ...] ; 3},
	publisher = {Suhrkamp},
	author = {Hegel, Georg Wilhelm Friedrich},
	date = {2017}
}

@book{nietzsche_morgenrote_1999,
	location = {München},
	title = {Morgenröte. Idyllen aus Messina. Die fröhliche Wissenschaft},
	series = {kritische Studienausgabe in 15 Bänden, KSA},
    number = {Band 3},
	publisher = {Deutscher Taschenbuch Verlag},
	author = {Nietzsche, Friedrich},
	date = {1999}
}

@book{nietzsche_menschliches_2005,
	location = {Berlin},
	edition = {Neuausg., 3., Aufl},
	title = {Menschliches, Allzumenschliches I und {II}},
	series = {kritische Studienausgabe in 15 Bänden; KSA},
    number = {Band 3},
	publisher = {Dt. Taschenbuch Verl. [u.a.]},
	author = {Nietzsche, Friedrich},
	date = {2005}
}

@book{nietzsche_jenseits_2014,
	location = {München},
	edition = {Neuausgabe 1999, 13. Auflage 2014},
	title = {Jenseits von Gut und Böse. Zur Genealogie der Moral},
	series = {kritische Studienausgabe in 15 Bänden; KSA},
    number = {Band 5},
	publisher = {Deutscher Taschenbuch Verlag},
	author = {Nietzsche, Friedrich},
	date = {2014}
}

@book{hegel_grundlinien_2017,
	location = {Hamburg},
	edition = {Vollständig neu erarbeitete Studienausgabe ; Jubiläumsausgabe zum 150jährigen Bestehen der "Philosophischen Bibliothek},
	title = {Grundlinien der Philosophie des Rechts: auf der Grundlage der Edition des Textes in den Gesammelten Werken Band 14},
	series = {Philosophische Bibliothek},
	shorttitle = {Grundlinien der Philosophie des Rechts},
	number = {Band 700},
	publisher = {Felix Meiner Verlag},
	author = {Hegel, Georg Wilhelm Friedrich},
	date = {2017},
	file = {Table of Contents PDF:/home/fux/Zotero/storage/7LRM3Q8H/Hegel - 2017 - Grundlinien der Philosophie des Rechts auf der Gr.pdf:application/pdf}
}

@book{menke_autonomie_2018,
	location = {Berlin},
	edition = {Erste Auflage},
	title = {Autonomie und Befreiung: Studien zu Hegel},
	series = {suhrkamp taschenbuch wissenschaft},
	shorttitle = {Autonomie und Befreiung},
	number = {2266},
	publisher = {Suhrkamp},
	author = {Menke, Christoph},
	date = {2018},
	keywords = {Freiheit und Gesellschaft},
	file = {Table of Contents PDF:/home/fux/Zotero/storage/SDUCDKJD/Menke - 2018 - Autonomie und Befreiung Studien zu Hegel.pdf:application/pdf}
}
